<record><leader>00000cas a2200000 a 4500</leader><controlfield tag="001">34836366</controlfield><controlfield tag="008">960531d18931894iluwr ne      0    0eng c</controlfield><datafield ind1=" " ind2=" " tag="010"><subfield code="a">sn 96071016 </subfield></datafield><datafield ind1=" " ind2=" " tag="040"><subfield code="a">NVF</subfield><subfield code="b">eng</subfield><subfield code="c">NVF</subfield><subfield code="d">OCLCQ</subfield><subfield code="d">OCLCF</subfield><subfield code="d">OCLCO</subfield></datafield><datafield ind1="1" ind2=" " tag="029"><subfield code="a">AU@</subfield><subfield code="b">000012500845</subfield></datafield><datafield ind1=" " ind2=" " tag="042"><subfield code="a">pcc</subfield></datafield><datafield ind1=" " ind2=" " tag="043"><subfield code="a">n-us-il</subfield></datafield><datafield ind1="0" ind2="4" tag="245"><subfield code="a">The Ivesdale item.</subfield></datafield><datafield ind1="1" ind2="3" tag="246"><subfield code="a">Weekly item</subfield></datafield><datafield ind1=" " ind2=" " tag="260"><subfield code="a">Ivesdale, Ill. :</subfield><subfield code="b">Curry &amp; Unholz,</subfield><subfield code="c">1893-1894.</subfield></datafield><datafield ind1=" " ind2=" " tag="300"><subfield code="a">v.</subfield></datafield><datafield ind1=" " ind2=" " tag="310"><subfield code="a">Weekly</subfield></datafield><datafield ind1="0" ind2=" " tag="362"><subfield code="a">Vol. 1, no. 1 (July 15, 1893)-v. 1, no. 53 (July 14, 1894).</subfield></datafield><datafield ind1=" " ind2="0" tag="651"><subfield code="a">Ivesdale (Ill.)</subfield><subfield code="v">Newspapers.</subfield></datafield><datafield ind1=" " ind2="7" tag="655"><subfield code="a">Newspapers.</subfield><subfield code="2">fast</subfield><subfield code="0">(OCoLC)fst01423814</subfield></datafield><datafield ind1=" " ind2="7" tag="651"><subfield code="a">Illinois</subfield><subfield code="z">Ivesdale.</subfield><subfield code="2">fast</subfield><subfield code="0">(OCoLC)fst01223329</subfield></datafield><datafield ind1=" " ind2=" " tag="752"><subfield code="a">United States</subfield><subfield code="b">Illinois</subfield><subfield code="c">Champaign</subfield><subfield code="d">Ivesdale.</subfield></datafield></record>